@Comment А вот так оформляется библиография при помощи BibTeX.

@Book{Berkutov,
  author =       {А.М. Беркутов},
  title =        {Системы комплекстной электромагнитотерапии},
  publisher =    {М.: Бином},
  year =         {2000},
  language =     "russian"
}

@Book{Zolotuhina_Ulaschik, 
  author =       {И.Е. Золотухина, В.С. Улащик},
  title =        {Основы импульсной магнитотерапии},
  publisher =    {Витебск: Витебская областная типография},
  year =         {2008},
  language =     "russian"
}

@Book{Ulaschik_Physio, 
  author =       {В.С. Улащик},
  title =        {Физиотерапия. Универсальная медицинская энциклопедия},
  publisher =    {Минск: Книжный дом},
  year =         {2008},
  language =     "russian"
}

@Book{Gular_Limpanskiy,
  author =       {С.А. Гуляр, Ю.П. Лиманский},
  title =        {Постоянные магнитные поля и их применение в медицине},
  publisher =    {Киев: Ин-т физиол. им. А.А. Богомольца НАН Украины},
  year =         {2006},
  language =     "russian"
}
@misc{noauthor_zotero_2015,    
	title = {Zotero: оптимизация хранения и использования научной литературы},
	shorttitle = {Zotero},
	url = {https://habr.com/ru/articles/271045/},    
	abstract = {Не буду распространяться о преимуществах использования библиографических менеджеров. На дворе 2015 год. Тема не раз обсуждалась на Хабре. Здесь подробно описываются все прелести использования...},
	language = {ru},
	urldate = {2025-02-03},
	journal = {Хабр},
	month = nov,
	year = {2015},
  
    
}
@online{noauthor_zotero_2015222,
	title = {Zotero: оптимизация хранения и использования научной литературы},
	shorttitle = {Zotero},
	url = {https://habr.com/ru/articles/271045/},    
	abstract = {Не буду распространяться о преимуществах использования библиографических менеджеров. На дворе 2015 год. Тема не раз обсуждалась на Хабре. Здесь подробно описываются все прелести использования...},
	language = {ru},
	urldate = {2025-02-03},
	author = {Хабр},
	month = nov,
	year = {2015},   
    howpublished = {[Электронный ресурс]},
}
